% Github code
@misc{Chang19github,
	author = {Chang, C. C. and Humble, T. S.},
	title = {quantum\_poly\_solver},
	year = {2019},
	publisher = {GitHub},
	journal = {GitHub repository},
	howpublished = {\url{https://github.com/cchang5/quantum_poly_solver}},
	commit = {64932ca654bc525546886c4f0591fe71cb6d5065}
}

% quadratization
@ARTICLE{2015arXiv150804816T,
	author = {{Tanburn}, Richard and {Okada}, Emile and {Dattani}, Nike},
	title = "{Reducing multi-qubit interactions in adiabatic quantum computation without adding auxiliary qubits. Part 1: The ``deduc-reduc'' method and its application to quantum factorization of numbers}",
	journal = {arXiv e-prints},
	keywords = {Quantum Physics, Computer Science - Discrete Mathematics, Computer Science - Data Structures and Algorithms, Mathematics - Number Theory, 05C50, 11A41, 11A51, 11N35, 11N36, 11N80, 11Y05, 65K10, 65P10, 65Y20, 68Q12, 81P68, 81P94, 94A60, 81-08, B.2.4, B.8.2, C.1.3, C.1.m, F.2.1, F.2.3, F.4.1, G.1.0, G.1.3, G.1.5, G.1.6, G.2.0, G.2.1, I.1.2, I.6.4, C.4, E.3, G.0, J.2, K.2},
	year = "2015",
	month = "Aug",
	eid = {arXiv:1508.04816},
	pages = {arXiv:1508.04816},
	archivePrefix = {arXiv},
	eprint = {1508.04816},
	primaryClass = {quant-ph},
	adsurl = {https://ui.adsabs.harvard.edu/abs/2015arXiv150804816T},
	adsnote = {Provided by the SAO/NASA Astrophysics Data System}
}


@ARTICLE{2015arXiv150807190O,
	author = {{Okada}, Emile and {Tanburn}, Richard and {Dattani}, Nikesh S.},
	title = "{Reducing multi-qubit interactions in adiabatic quantum computation without adding auxiliary qubits. Part 2: The ``split-reduc'' method and its application to quantum determination of Ramsey numbers}",
	journal = {arXiv e-prints},
	keywords = {Quantum Physics, 05C50, 11A41, 11A51, 11N35, 11N36, 11N80, 11Y05, 65K10, 65P10, 65Y20, 68Q12, 81P68, 81P94, 94A60, 81-08, B.2.4, B.8.2, C.1.3, C.1.m, F.2.1, F.2.3, F.4.1, G.1.0, G.1.3, G.1.5, G.1.6, G.2.0, G.2.1, I.1.2, I.6.4, C.4, E.3, G.0, J.2, K.2},
	year = "2015",
	month = "Aug",
	eid = {arXiv:1508.07190},
	pages = {arXiv:1508.07190},
	archivePrefix = {arXiv},
	eprint = {1508.07190},
	primaryClass = {quant-ph},
	adsurl = {https://ui.adsabs.harvard.edu/abs/2015arXiv150807190O},
	adsnote = {Provided by the SAO/NASA Astrophysics Data System}
}

@ARTICLE{2019arXiv190104405D,
	author = {{Dattani}, Nike},
	title = "{Quadratization in discrete optimization and quantum mechanics}",
	journal = {arXiv e-prints},
	keywords = {Quantum Physics, Computer Science - Computer Vision and Pattern Recognition, Computer Science - Discrete Mathematics, Mathematics - Optimization and Control, Physics - Chemical Physics, 05C50, 11A41, 11A51, 11N35, 11N36, 11N80, 11Y05, 65K10, 65P10, 65Y20, 68Q12, 81P68, 81P94, 94A60, 81-08, B.2.4, B.8.2, C.1.3, C.1.m, F.2.1, F.2.3, F.4.1, G.1.0, G.1.3, G.1.5, G.1.6, G.2.0, G.2.1, I.1.2, I.6.4, C.4, E.3, G.0, J.2, K.2},
	year = "2019",
	month = "Jan",
	eid = {arXiv:1901.04405},
	pages = {arXiv:1901.04405},
	archivePrefix = {arXiv},
	eprint = {1901.04405},
	primaryClass = {quant-ph},
	adsurl = {https://ui.adsabs.harvard.edu/abs/2019arXiv190104405D},
	adsnote = {Provided by the SAO/NASA Astrophysics Data System}
}

@article{PhysRevA.77.052331,
	title = {Nonperturbative $\mathit{k}$-body to two-body commuting conversion Hamiltonians and embedding problem instances into Ising spins},
	author = {Biamonte, J. D.},
	journal = {Phys. Rev. A},
	volume = {77},
	issue = {5},
	pages = {052331},
	numpages = {8},
	year = {2008},
	month = {May},
	publisher = {American Physical Society},
	doi = {10.1103/PhysRevA.77.052331},
	url = {https://link.aps.org/doi/10.1103/PhysRevA.77.052331}
}

@article{Rosenberg1975,
	title = {Reduction of Bivalent Maximization to the Quadratic Case},
	author = {Rosenberg, I. G.},
	journal = {Cahiers duCentre d'Etudes de Recherche Operationnelle},
	volume = {17},
	pages = {71-74},
	year = {1975}
}

@article{BOROS2002155,
title = "Pseudo-Boolean optimization",
journal = "Discrete Applied Mathematics",
volume = "123",
number = "1",
pages = "155 - 225",
year = "2002",
issn = "0166-218X",
doi = "https://doi.org/10.1016/S0166-218X(01)00341-9",
url = "http://www.sciencedirect.com/science/article/pii/S0166218X01003419",
author = "Endre Boros and Peter L. Hammer",
abstract = "This survey examines the state of the art of a variety of problems related to pseudo-Boolean optimization, i.e. to the optimization of set functions represented by closed algebraic expressions. The main parts of the survey examine general pseudo-Boolean optimization, the specially important case of quadratic pseudo-Boolean optimization (to which every pseudo-Boolean optimization can be reduced), several other important special classes, and approximation algorithms."
}

% multigrid
@INPROCEEDINGS{Clark:2016rdz,
	author = {{Clark}, M.},
	title = "{Accelerating Lattice QCD Multigrid on GPUs Using Fine-grained Parallelization}",
	keywords = {High Energy Physics - Lattice, Physics - Computational Physics},
	booktitle = {Proceedings of the 34th annual International Symposium on Lattice Field Theory (LATTICE2016). 24-30 July 2016. University of Southampton},
	year = "2016",
	month = "Jan",
	eid = {267},
	pages = {267},
	archivePrefix = {arXiv},
	eprint = {1612.07873},
	primaryClass = {hep-lat},
	adsurl = {https://ui.adsabs.harvard.edu/abs/2016slft.confE.267C},
	adsnote = {Provided by the SAO/NASA Astrophysics Data System}
}

@ARTICLE{2018Lomanaco,
	author = {A. Borle and S. J. Lomonaco},
	title = "{Analyzing the Quantum Annealing Approach for Solving Linear Least Squares Problems}",
	journal = {ArXiv e-prints},
	archivePrefix = "arXiv:1809.07649",
	eprint = {0804.4884},
	primaryClass = "quant-ph",
	keywords = {Quantum Physics},
	year = 2018
}

@article{Jiang2018,
	title={Quantum Annealing for Prime Factorization},
	author={Shuxian Jiang and Keith A. Britt and Alexander J. McCaskey and Travis S. Humble and Sabre Kais },
	journal={Scientific Reports},
	volume={8},
	pages={17667},
	year={2086}
}


@article{denchev2016computational,
	title={What is the computational value of finite-range tunneling?},
	author={Denchev, Vasil S and Boixo, Sergio and Isakov, Sergei V and Ding, Nan and Babbush, Ryan and Smelyanskiy, Vadim and Martinis, John and Neven, Hartmut},
	journal={Physical Review X},
	volume={6},
	number={3},
	pages={031015},
	year={2016},
	publisher={APS}
}


@article{katzgraber2014glassy,
	title={Glassy chimeras could be blind to quantum speedup: Designing better benchmarks for quantum annealing machines},
	author={Katzgraber, Helmut G and Hamze, Firas and Andrist, Ruben S},
	journal={Physical Review X},
	volume={4},
	number={2},
	pages={021008},
	year={2014},
	publisher={APS}
}


@article{PhysRevA.94.022337,
	title = {Strengths and weaknesses of weak-strong cluster problems: A detailed overview of state-of-the-art classical heuristics versus quantum approaches},
	author = {Mandr\`a, Salvatore and Zhu, Zheng and Wang, Wenlong and Perdomo-Ortiz, Alejandro and Katzgraber, Helmut G.},
	journal = {Phys. Rev. A},
	volume = {94},
	issue = {2},
	pages = {022337},
	numpages = {13},
	year = {2016},
	month = {Aug},
	publisher = {American Physical Society},
	doi = {10.1103/PhysRevA.94.022337},
	url = {https://link.aps.org/doi/10.1103/PhysRevA.94.022337}
}


@article{ronnow2014defining,
	title={Defining and detecting quantum speedup},
	author={R{\o}nnow, Troels F and Wang, Zhihui and Job, Joshua and Boixo, Sergio and Isakov, Sergei V and Wecker, David and Martinis, John M and Lidar, Daniel A and Troyer, Matthias},
	journal={Science},
	volume={345},
	number={6195},
	pages={420--424},
	year={2014},
	publisher={American Association for the Advancement of Science}
}


@article{PhysRevX.8.031016,
	title = {Demonstration of a Scaling Advantage for a Quantum Annealer over Simulated Annealing},
	author = {Albash, Tameem and Lidar, Daniel A.},
	journal = {Phys. Rev. X},
	volume = {8},
	issue = {3},
	pages = {031016},
	numpages = {26},
	year = {2018},
	month = {Jul},
	doi = {10.1103/PhysRevX.8.031016}
}



@article{mandra2018,
	author={Salvatore Mandrà and Helmut G Katzgraber},
	title={A deceptive step towards quantum speedup detection},
	journal={Quantum Science and Technology},
	volume={3},
	number={4},
	pages={04LT01},
	url={http://stacks.iop.org/2058-9565/3/i=4/a=04LT01},
	year={2018},
	abstract={There have been multiple attempts to design synthetic benchmark problems with the goal of detecting quantum speedup in current quantum annealing (QA) machines. To date, classical heuristics have consistently outperformed quantum annealing based approaches. Here we introduce a class of problems based on frustrated cluster loops—deceptive cluster loops—for which all currently known state of-the-art classical heuristics are outperformed by the DW2000Q QA machine. While there is a sizable constant speedup over all known classical heuristics, a noticeable improvement in the scaling remains elusive. These results represent the first steps towards a detection of potential quantum speedup, albeit without a scaling improvement and for synthetic benchmark problems.}
}


% Minor embedding
@ARTICLE{2008arXiv0804.4884C,
	author = {{Choi}, V.},
	title = "{Minor-Embedding in Adiabatic Quantum Computation: I. The Parameter Setting Problem}",
	journal = {ArXiv e-prints},
	archivePrefix = "arXiv",
	eprint = {0804.4884},
	primaryClass = "quant-ph",
	keywords = {Quantum Physics},
	year = 2008,
	month = apr,
	adsurl = {http://adsabs.harvard.edu/abs/2008arXiv0804.4884C},
	adsnote = {Provided by the SAO/NASA Astrophysics Data System}
}

% Toeplitz
@ARTICLE{2011arXiv1106.5834H,
	author = {{Hardin}, J. and {Garcia}, S.~R. and {Golan}, D.},
	title = "{A method for generating realistic correlation matrices}",
	journal = {ArXiv e-prints},
	archivePrefix = "arXiv",
	eprint = {1106.5834},
	primaryClass = "math.ST",
	keywords = {Mathematics - Statistics Theory, Statistics - Applications},
	year = 2011,
	month = jun,
	adsurl = {http://adsabs.harvard.edu/abs/2011arXiv1106.5834H},
	adsnote = {Provided by the SAO/NASA Astrophysics Data System}
}

@article{PhysRevB.39.11828,
	title = {Sherrington-Kirkpatrick model in a transverse field: Absence of replica symmetry breaking due to quantum fluctuations},
	author = {Ray, P. and Chakrabarti, B. K. and Chakrabarti, Arunava},
	journal = {Phys. Rev. B},
	volume = {39},
	issue = {16},
	pages = {11828--11832},
	numpages = {0},
	year = {1989},
	month = {Jun},
	publisher = {American Physical Society},
	doi = {10.1103/PhysRevB.39.11828},
	url = {https://link.aps.org/doi/10.1103/PhysRevB.39.11828}
}

@article{RevModPhys.80.1061,
	title = {Colloquium: Quantum annealing and analog quantum computation},
	author = {Das, Arnab and Chakrabarti, Bikas K.},
	journal = {Rev. Mod. Phys.},
	volume = {80},
	issue = {3},
	pages = {1061--1081},
	numpages = {0},
	year = {2008},
	month = {Sep},
	publisher = {American Physical Society},
	doi = {10.1103/RevModPhys.80.1061},
	url = {https://link.aps.org/doi/10.1103/RevModPhys.80.1061}
}


%Nishimori
@ARTICLE{1998PhRvE..58.5355K,
	author = {{Kadowaki}, T. and {Nishimori}, H.},
	title = "{Quantum annealing in the transverse Ising model}",
	journal = {Phys. Rev. E},
	eprint = {cond-mat/9804280},
	keywords = {Quantum statistical mechanics, Spin-glass and other random models, Information theory and communication theory},
	year = 1998,
	month = nov,
	volume = 58,
	pages = {5355-5363},
	doi = {10.1103/PhysRevE.58.5355},
	adsurl = {http://adsabs.harvard.edu/abs/1998PhRvE..58.5355K},
	adsnote = {Provided by the SAO/NASA Astrophysics Data System}
}


%Farhi
@ARTICLE{2000quant.ph..1106F,
	author = {{Farhi}, E. and {Goldstone}, J. and {Gutmann}, S. and {Sipser}, M.
	},
	title = "{Quantum Computation by Adiabatic Evolution}",
	journal = {eprint arXiv:quant-ph/0001106},
	eprint = {quant-ph/0001106},
	keywords = {Quantum Physics},
	year = 2000,
	month = jan,
	adsurl = {http://adsabs.harvard.edu/abs/2000quant.ph..1106F},
	adsnote = {Provided by the SAO/NASA Astrophysics Data System}
}

%chimera
@ARTICLE{2014ITAS...2418294B,
	author = {{Bunyk}, P.~I. and {Hoskinson}, E.~M. and {Johnson}, M.~W. and 
	{Tolkacheva}, E. and {Altomare}, F. and {Berkley}, A.~J. and 
	{Harris}, R. and {Hilton}, J.~P. and {Lanting}, T. and {Przybysz}, A.~J. and 
	{Whittaker}, J.},
	title = "{Architectural Considerations in the Design of a Superconducting Quantum Annealing Processor}",
	journal = {IEEE Transactions on Applied Superconductivity},
	archivePrefix = "arXiv",
	eprint = {1401.5504},
	primaryClass = "quant-ph",
	year = 2014,
	month = aug,
	volume = 24,
	eid = {2318294},
	pages = {2318294},
	doi = {10.1109/TASC.2014.2318294},
	adsurl = {http://adsabs.harvard.edu/abs/2014ITAS...2418294B},
	adsnote = {Provided by the SAO/NASA Astrophysics Data System}
}

%Qubist
@misc{qubist,
	author = {D-Wave Systems Inc.},
	title = {Qubist},
	year = 2018,
	url = {https://cloud.dwavesys.com/qubist/},
	urldate = {2018-11-04}
}

%sapi2
@misc{sapi2,
	author =   {D-Wave Systems Inc.},
	title =    {Developer Guide for Python},
	year =     2018,
	url={https://cloud.dwavesys.com/qubist/resources/python_pack/},
	urldate = {2018-10-29}
}

%HHL
@ARTICLE{2009PhRvL.103o0502H,
	author = {{Harrow}, A.~W. and {Hassidim}, A. and {Lloyd}, S.},
	title = "{Quantum Algorithm for Linear Systems of Equations}",
	journal = {Physical Review Letters},
	archivePrefix = "arXiv",
	eprint = {0811.3171},
	primaryClass = "quant-ph",
	keywords = {Quantum algorithms protocols and simulations, Linear algebra, Computational complexity},
	year = 2009,
	month = oct,
	volume = 103,
	number = 15,
	eid = {150502},
	pages = {150502},
	doi = {10.1103/PhysRevLett.103.150502},
	adsurl = {http://adsabs.harvard.edu/abs/2009PhRvL.103o0502H},
	adsnote = {Provided by the SAO/NASA Astrophysics Data System}
}




@ARTICLE{2017PhRvP...8f4025M,
	author = {{Marshall}, J. and {Rieffel}, E.~G. and {Hen}, I.},
	title = "{Thermalization, Freeze-out, and Noise: Deciphering Experimental Quantum Annealers}",
	journal = {Physical Review Applied},
	archivePrefix = "arXiv",
	eprint = {1703.03902},
	primaryClass = "quant-ph",
	year = 2017,
	month = dec,
	volume = 8,
	number = 6,
	eid = {064025},
	pages = {064025},
	doi = {10.1103/PhysRevApplied.8.064025},
	adsurl = {http://adsabs.harvard.edu/abs/2017PhRvP...8f4025M},
	adsnote = {Provided by the SAO/NASA Astrophysics Data System}
}

@ARTICLE{2016PhRvE..94c2105N,
	author = {{Nishimura}, K. and {Nishimori}, H. and {Ochoa}, A.~J. and {Katzgraber}, H.~G.
	},
	title = "{Retrieving the ground state of spin glasses using thermal noise: Performance of quantum annealing at finite temperatures}",
	journal = {Phys. Rev. E},
	archivePrefix = "arXiv",
	eprint = {1605.03303},
	primaryClass = "cond-mat.dis-nn",
	year = 2016,
	month = sep,
	volume = 94,
	number = 3,
	eid = {032105},
	pages = {032105},
	doi = {10.1103/PhysRevE.94.032105},
	adsurl = {http://adsabs.harvard.edu/abs/2016PhRvE..94c2105N},
	adsnote = {Provided by the SAO/NASA Astrophysics Data System}
}

@ARTICLE{2016PhRvB..93v4414W,
	author = {{Wang}, W. and {Machta}, J. and {Katzgraber}, H.~G.},
	title = "{Bond chaos in spin glasses revealed through thermal boundary conditions}",
	journal = {Phys. Rev. B},
	archivePrefix = "arXiv",
	eprint = {1603.00543},
	primaryClass = "cond-mat.dis-nn",
	year = 2016,
	month = jun,
	volume = 93,
	number = 22,
	eid = {224414},
	pages = {224414},
	doi = {10.1103/PhysRevB.93.224414},
	adsurl = {http://adsabs.harvard.edu/abs/2016PhRvB..93v4414W},
	adsnote = {Provided by the SAO/NASA Astrophysics Data System}
}

@ARTICLE{2015PhRvA..91f2320A,
	author = {{Albash}, T. and {Lidar}, D.~A.},
	title = "{Decoherence in adiabatic quantum computation}",
	journal = {Phys. Rev. A},
	archivePrefix = "arXiv",
	eprint = {1503.08767},
	primaryClass = "quant-ph",
	keywords = {Quantum computation, Decoherence, open systems, quantum statistical methods},
	year = 2015,
	month = jun,
	volume = 91,
	number = 6,
	eid = {062320},
	pages = {062320},
	doi = {10.1103/PhysRevA.91.062320},
	adsurl = {http://adsabs.harvard.edu/abs/2015PhRvA..91f2320A},
	adsnote = {Provided by the SAO/NASA Astrophysics Data System}
}


@ARTICLE{2009PhRvA..79b2107A,
	author = {{Amin}, M.~H.~S. and {Averin}, D.~V. and {Nesteroff}, J.~A.},
	title = "{Decoherence in adiabatic quantum computation}",
	journal = {Phys. Rev. A},
	archivePrefix = "arXiv",
	eprint = {0708.0384},
	primaryClass = "cond-mat.mes-hall",
	keywords = {Decoherence, open systems, quantum statistical methods, Quantum computation},
	year = 2009,
	month = feb,
	volume = 79,
	number = 2,
	eid = {022107},
	pages = {022107},
	doi = {10.1103/PhysRevA.79.022107},
	adsurl = {http://adsabs.harvard.edu/abs/2009PhRvA..79b2107A},
	adsnote = {Provided by the SAO/NASA Astrophysics Data System}
}

@article{Dickson13,
	title = "Thermally assisted quantum annealing of a 16-qubit problem",
	abstract = "Efforts to develop useful quantum computers have been blocked primarily by environmental noise. Quantum annealing is a scheme of quantum computation that is predicted to be more robust against noise, because despite the thermal environment mixing the system's state in the energy basis, the system partially retains coherence in the computational basis, and hence is able to establish well-defined eigenstates. Here we examine the environment's effect on quantum annealing using 16 qubits of a superconducting quantum processor. For a problem instance with an isolated small-gap anticrossing between the lowest two energy levels, we experimentally demonstrate that, even with annealing times eight orders of magnitude longer than the predicted single-qubit decoherence time, the probabilities of performing a successful computation are similar to those expected for a fully coherent system. Moreover, for the problem studied, we show that quantum annealing can take advantage of a thermal environment to achieve a speedup factor of up to 1,000 over a closed system.",
	author = "Dickson, {N. G.} and Johnson, {M. W.} and Amin, {M. H.} and R. Harris and F. Altomare and Berkley, {A. J.} and P. Bunyk and J. Cai and Chapple, {E. M.} and P. Chavez and F. Cioata and T. Cirip and P. Debuen and M. Drew-Brook and C. Enderud and S. Gildert and F. Hamze and Hilton, {J. P.} and E. Hoskinson and K. Karimi and E. Ladizinsky and N. Ladizinsky and T. Lanting and T. Mahon and R. Neufeld and T. Oh and I. Perminov and C. Petroff and A. Przybysz and C. Rich and P. Spear and A. Tcaciuc and Thom, {M. C.} and E. Tolkacheva and S. Uchaikin and J. Wang and Wilson, {A. B.} and Z. Merali and G. Rose",
	year = "2013",
	month = "6",
	day = "12",
	doi = "10.1038/ncomms2920",
	language = "English",
	volume = "4",
	journal = "Nature Communications",
	issn = "2041-1723",
	publisher = "Nature Publishing Group",
	
}



@ARTICLE{2001Sci...292..472F,
	author = {{Farhi}, E. and {Goldstone}, J. and {Gutmann}, S. and {Lapan}, J. and 
	{Lundgren}, A. and {Preda}, D.},
	title = "{A Quantum Adiabatic Evolution Algorithm Applied to Random Instances of an NP-Complete Problem}",
	journal = {Science},
	eprint = {quant-ph/0104129},
	year = 2001,
	month = apr,
	volume = 292,
	pages = {472-476},
	doi = {10.1126/science.1057726},
	adsurl = {http://adsabs.harvard.edu/abs/2001Sci...292..472F},
	adsnote = {Provided by the SAO/NASA Astrophysics Data System}
}


@article{aitken_1936,
	title={IV.—On Least Squares and Linear Combination of Observations},
	volume={55},
	DOI={10.1017/S0370164600014346},
	journal={Proceedings of the Royal Society of Edinburgh},
	publisher={Royal Society of Edinburgh Scotland Foundation},
	author={Aitken, A. C.},
	year={1936},
	pages={42–48}
}


@ARTICLE{2004quant.ph..5098A,
	author = {{Aharonov}, D. and {van Dam}, W. and {Kempe}, J. and {Landau}, Z. and 
	{Lloyd}, S. and {Regev}, O.},
	title = "{Adiabatic Quantum Computation is Equivalent to Standard Quantum Computation}",
	journal = {eprint arXiv:quant-ph/0405098},
	eprint = {quant-ph/0405098},
	keywords = {Quantum Physics},
	year = 2004,
	month = may,
	adsurl = {http://adsabs.harvard.edu/abs/2004quant.ph..5098A},
	adsnote = {Provided by the SAO/NASA Astrophysics Data System}
}


@article{citeulike:9077321,
	abstract = {{An iterative algorithm is given for solving a system Ax=k of n linear equations in n unknowns.  The solution is given in n steps.  It is shown that this method is a special case of a very general method which also includes Gaussian elimination.  These general algorithms are essentilaly algorithms for finding an n dimensional ellipsoid.  Connections are made with the theory of orthogonal polynomials and continued fractions.}},
	added-at = {2017-06-29T07:13:07.000+0200},
	author = {Hestenes, Magnus R. and Stiefel, Eduard},
	biburl = {https://www.bibsonomy.org/bibtex/2ad1ecd0242ef1e7c8a02b3f1ea173d28/gdmcbain},
	citeulike-article-id = {9077321},
	citeulike-attachment-1 = {V49N06A08.pdf; /pdf/user/gdmcbain/article/9077321/632277/V49N06A08.pdf; 466daddfb6340c28cb8da548007028c8cc5df687},
	citeulike-linkout-0 = {http://dx.doi.org/10.6028/jres.049.044},
	citeulike-linkout-1 = {http://www.ams.org/mathscinet-getitem?mr=0060307},
	citeulike-linkout-2 = {http://citeseerx.ist.psu.edu/viewdoc/summary?doi=10.1.1.129.6828},
	doi = {10.6028/jres.049.044},
	file = {V49N06A08.pdf},
	interhash = {bcb34a6f8b9fb2f2371e92430116a8ad},
	intrahash = {ad1ecd0242ef1e7c8a02b3f1ea173d28},
	journal = {Journal of Research of the National Bureau of Standards},
	keywords = {65f10-iterative-methods-for-linear-systems},
	month = dec,
	number = 6,
	pages = {409--436},
	posted-at = {2011-03-29 23:49:34},
	priority = {0},
	timestamp = {2017-06-29T07:13:07.000+0200},
	title = {{Methods of Conjugate Gradients for Solving Linear Systems}},
	url = {http://www.ams.org/mathscinet-getitem?mr=0060307},
	volume = 49,
	year = 1952
}

@article{Chang:2018uxx,
	author         = "Chang, C. C. and others",
	title          = "{A per-cent-level determination of the nucleon axial
	coupling from quantum chromodynamics}",
	journal        = "Nature",
	volume         = "558",
	year           = "2018",
	number         = "7708",
	pages          = "91-94",
	doi            = "10.1038/s41586-018-0161-8",
	eprint         = "1805.12130",
	archivePrefix  = "arXiv",
	primaryClass   = "hep-lat",
	reportNumber   = "BNL-203631-2018-JAAM, INT-PUB-18-021, LLNL-JRNL-747003,
	RBRC-1283, LTH-1166, RIKEN-ITHEMS-REPORT-18",
	SLACcitation   = "%%CITATION = ARXIV:1805.12130;%%"
}

@article{Stathopoulos:2007zi,
	author         = "Stathopoulos, Andreas and Orginos, Kostas",
	title          = "{Computing and deflating eigenvalues while solving
	multiple right hand side linear systems in quantum
	chromodynamics}",
	journal        = "SIAM J. Sci. Comput.",
	volume         = "32",
	year           = "2010",
	pages          = "439-462",
	doi            = "10.1137/080725532",
	eprint         = "0707.0131",
	archivePrefix  = "arXiv",
	primaryClass   = "hep-lat",
	SLACcitation   = "%%CITATION = ARXIV:0707.0131;%%"
}

@article{AbdelRehim:2009by,	
	author         = "Abdel-Rehim, Abdou and Orginos, Kostas and Stathopoulos,
	Andreas",
	title          = "{Extending the eigCG algorithm to non-symmetric linear
	systems with multiple right-hand sides}",
	booktitle      = "{Proceedings, 27th International Symposium on Lattice
	field theory (Lattice 2009): Beijing, P.R. China, July
	26-31, 2009}",
	journal        = "PoS",
	volume         = "LAT2009",
	year           = "2009",
	pages          = "036",
	doi            = "10.22323/1.091.0036",
	eprint         = "0911.2285",
	archivePrefix  = "arXiv",
	primaryClass   = "hep-lat",
	reportNumber   = "JLAB-THY-09-978",
	SLACcitation   = "%%CITATION = ARXIV:0911.2285;%%"
}

@article{1126-6708-2007-07-081,
	author={Martin L\"uscher},
	title={Local coherence and deflation of the low quark modes in lattice QCD},
	journal={Journal of High Energy Physics},
	volume={2007},
	number={07},
	pages={081},
	url={http://stacks.iop.org/1126-6708/2007/i=07/a=081},
	year={2007},
	abstract={The spontaneous breaking of chiral symmetry in QCD is known to be linked to a non-zero density of eigenvalues of the massless Dirac operator near the origin. Numerical studies of two-flavour QCD now suggest that the low quark modes are locally coherent to a certain extent. As a consequence, the modes can be simultaneously deflated, using local projectors, with a total computational effort proportional to the lattice volume (rather than its square). Deflation has potentially many uses in lattice QCD. The technique is here worked out for the case of quark propagator calculations, where large speed-up factors and a flat scaling behaviour with respect to the quark mass are achieved.}
}

@article{Brannick:2007ue,
	author         = "Brannick, J. and Brower, R. C. and Clark, M. A. and
	Osborn, J. C. and Rebbi, C.",
	title          = "{Adaptive Multigrid Algorithm for Lattice QCD}",
	journal        = "Phys. Rev. Lett.",
	volume         = "100",
	year           = "2008",
	pages          = "041601",
	doi            = "10.1103/PhysRevLett.100.041601",
	eprint         = "0707.4018",
	archivePrefix  = "arXiv",
	primaryClass   = "hep-lat",
	reportNumber   = "BUHEP-07-05",
	SLACcitation   = "%%CITATION = ARXIV:0707.4018;%%"
}

@article{Brannick:2014vda,
	author         = "Brannick, James and Frommer, Andreas and Kahl, Karsten
	and Leder, Björn and Rottmann, Matthias and Strebel,
	Artur",
	title          = "{Multigrid Preconditioning for the Overlap Operator in
	Lattice QCD}",
	journal        = "Numer. Math.",
	volume         = "132",
	year           = "2016",
	number         = "3",
	pages          = "463-490",
	doi            = "10.1007/s00211-015-0725-6",
	eprint         = "1410.7170",
	archivePrefix  = "arXiv",
	primaryClass   = "hep-lat",
	SLACcitation   = "%%CITATION = ARXIV:1410.7170;%%"
}

@article{Brandt2008MultiLevelAS,
	ISSN = {00255718, 10886842},
	URL = {http://www.jstor.org/stable/2006422},
	abstract = {The boundary-value problem is discretized on several grids (or finite-element spaces) of widely different mesh sizes. Interactions between these levels enable us (i) to solve the possibly nonlinear system of $n$ discrete equations in $O(n)$ operations ($40n$ additions and shifts for Poisson problems); (ii) to conveniently adapt the discretization (the local mesh size, local order of approximation, etc.) to the evolving solution in a nearly optimal way, obtaining "$\infty$-order" approximations and low $n$, even when singularities are present. General theoretical analysis of the numerical process. Numerical experiments with linear and nonlinear, elliptic and mixed-type (transonic flow) problems--confirm theoretical predictions. Similar techniques for initial-value problems are briefly discussed.},
	author = {Achi Brandt},
	journal = {Mathematics of Computation},
	number = {138},
	pages = {333--390},
	publisher = {American Mathematical Society},
	title = {Multi-Level Adaptive Solutions to Boundary-Value Problems},
	volume = {31},
	year = {1977}
}

@inproceedings{Boros2012,
	author    = {E. Boros and A. Gruber},
	title     = {On quadratization of pseudo-Boolean functions},
	booktitle = {ISAIM},
	year      = {2012}
}

@article{humble2014integrated,
	title={An integrated programming and development environment for adiabatic quantum optimization},
	author={Humble, Travis S and McCaskey, Alex J and Bennink, Ryan S and Billings, Jay Jay and D'Azevedo, EF and Sullivan, Blair D and Klymko, Christine F and Seddiqi, Hadayat},
	journal={Computational Science and Discovery},
	volume={7},
	number={1},
	pages={015006},
	year={2014},
	publisher={IOP Publishing}
}

@article{Klymko2014,
	author="Christine F. Klymko and Blair D. Sullivan and Travis S. Humble",
	title="Adiabatic quantum programming: minor embedding with hard faults",
	year="2014",
	journal={Quantum Inf. Process.},
	pages={709-729},
	volume=13
}

@article{Choi2008,
	author="V. Choi",
	title="Minor-embedding in adiabatic quantum computation: I. The parameter setting problem",
	journal="Quantum Inf. Process",
	volume="7",
	year="2008",
	pages="193--209"
}

@article{Choi2011,
	author="V. Choi",
	title="Minor-embedding in adiabatic quantum computation: II. Minor-universal graph design",
	journal="Quantum Inf. Process",
	volume="10",
	year="2011",
	pages="343--353"
}

@article{zheng2017solving,
	title={Solving systems of linear equations with a superconducting quantum processor},
	author={Zheng, Yarui and Song, Chao and Chen, Ming-Cheng and Xia, Benxiang and Liu, Wuxin and Guo, Qiujiang and Zhang, Libo and Xu, Da and Deng, Hui and Huang, Keqiang and others},
	journal={Physical review letters},
	volume={118},
	number={21},
	pages={210504},
	year={2017},
	publisher={APS}
}

@article{subasi2018quantum,
	title={Quantum algorithms for linear systems of equations inspired by adiabatic quantum computing},
	author={Subasi, Yigit and Somma, Rolando D and Orsucci, Davide},
	journal={arXiv preprint arXiv:1805.10549},
	year={2018}
}

@article{xin2018quantum,
	title={A Quantum Algorithm for Solving Linear Differential Equations: Theory and Experiment},
	author={Xin, Tao and Wei, Shijie and Cui, Jianlian and Xiao, Junxiang and Arrazola, I{\~n}igo and Lamata, Lucas and Kong, Xiangyu and Lu, Dawei and Solano, Enrique and Long, Guilu},
	journal={arXiv preprint arXiv:1807.04553},
	year={2018}
}

@article{wen2018experimental,
	title={Experimental realization of quantum algorithms for linear system inspired by adiabatic quantum computing},
	author={Wen, Jingwei and Kong, Xiangyu and Wei, Shijie and Xin, Tao and Wang, Bixue and Li, Keren and Zhu, Yuanye and Long, Guilu},
	journal={arXiv preprint arXiv:1806.03295},
	year={2018}
}

@ARTICLE{2013arXiv1303.1377F,
	author = {{Frommer}, Andreas and {Kahl}, Karsten and {Krieg}, Stefan and
	{Leder}, Bj{\"o}rn and {Rottmann}, Matthias},
	title = "{Adaptive Aggregation Based Domain Decomposition Multigrid for the Lattice Wilson Dirac Operator}",
	journal = {arXiv e-prints},
	keywords = {High Energy Physics - Lattice},
	year = "2013",
	month = "Mar",
	eid = {arXiv:1303.1377},
	pages = {arXiv:1303.1377},
	archivePrefix = {arXiv},
	eprint = {1303.1377},
	primaryClass = {hep-lat},
	adsurl = {https://ui.adsabs.harvard.edu/abs/2013arXiv1303.1377F},
	adsnote = {Provided by the SAO/NASA Astrophysics Data System}
}

